<?xml version="1.0" encoding="UTF-8"?><collection xmlns="http://www.loc.gov/MARC21/slim"><record><leader>00501nam--2200181-i-4500</leader><controlfield tag="001">000018772</controlfield><controlfield tag="002">20161230</controlfield><controlfield tag="005">20161230201032</controlfield><controlfield tag="008">060222s1000------------r-----000-0-eng-d</controlfield><datafield ind1=" " ind2=" " tag="040"><subfield code="a">IFIN-HH</subfield></datafield><datafield ind1=" " ind2=" " tag="080"><subfield code="a">533.9</subfield></datafield><datafield ind1="1" ind2=" " tag="100"><subfield code="a">Drawin, Hans-werner</subfield></datafield><datafield ind1="1" ind2="0" tag="245"><subfield code="a">Data for plasmas in local thermodynamic equilibrium</subfield><subfield code="c">Hans-werner drawin, paul felenbok</subfield></datafield><datafield ind1=" " ind2=" " tag="260"><subfield code="a">Paris</subfield><subfield code="b">Gauthier-villars</subfield><subfield code="c">1965</subfield></datafield><datafield ind1=" " ind2=" " tag="300"><subfield code="a">503 P</subfield></datafield><datafield ind1="1" ind2=" " tag="700"><subfield code="a">Felenbok, Paul</subfield></datafield><datafield ind1=" " ind2=" " tag="852"><subfield code="a">22185</subfield><subfield code="c">53.081</subfield></datafield><datafield ind1=" " ind2=" " tag="CAT"><subfield code="a">Sys</subfield><subfield code="c">20160329</subfield><subfield code="h">084932</subfield></datafield></record></collection>